@inproceedings{malle2017not,
  title={Do not disturb? classifier behavior on perturbed datasets},
  author={Malle, Bernd and Kieseberg, Peter and Holzinger, Andreas},
  booktitle={International Cross-Domain Conference for Machine Learning and Knowledge Extraction},
  pages={155--173},
  year={2017},
  organization={Springer}
}
@incollection{campan2009data,
  title={Data and structural k-anonymity in social networks},
  author={Campan, Alina and Truta, Traian Marius},
  booktitle={Privacy, Security, and Trust in KDD},
  pages={33--54},
  year={2009},
  publisher={Springer}
}
@misc{malle2016sangreea,
  author = {Malle, Bernd},
  title = {Machine Learning for Health Informatics, Assignment 3: Social network anonymization with SaNGreeA},
  year = {2016},
  publisher = {GitHub},
  journal = {GitHub repository},
  howpublished = "\url{https://github.com/cassinius/mlhi-ass2-anonymization.git}"
}
@incollection{prasser2015putting,
  title={Putting statistical disclosure control into practice: The ARX data anonymization tool},
  author={Prasser, Fabian and Kohlmayer, Florian},
  booktitle={Medical Data Privacy Handbook},
  pages={111--148},
  year={2015},
  publisher={Springer}
}
@inproceedings{kohlmayer2012flash,
  title={Flash: efficient, stable and optimal k-anonymity},
  author={Kohlmayer, Florian and Prasser, Fabian and Eckert, Claudia and Kemper, Alfons and Kuhn, Klaus A},
  booktitle={Privacy, Security, Risk and Trust (PASSAT), 2012 International Conference on and 2012 International Confernece on Social Computing (SocialCom)},
  pages={708--717},
  year={2012},
  organization={IEEE}
}
@misc{sarcevic2018sangreea,
  author = {Šarčević, Tanja},
  title = {K-Anonymity with SaNGreeA},
  year = {2018},
  publisher = {GitHub},
  journal = {GitHub repository},
  howpublished = "\url{https://github.com/tanjascats/anonymization.git}"
}
@inproceedings{malle2016right,
  title={The right to be forgotten: towards machine learning on perturbed knowledge bases},
  author={Malle, Bernd and Kieseberg, Peter and Weippl, Edgar and Holzinger, Andreas},
  booktitle={International Conference on Availability, Reliability, and Security},
  pages={251--266},
  year={2016},
  organization={Springer}
}